@article{crampton16,
    title = "On the Workflow Satisfiability Problem with Class-Independent Constraints for Hierarchical Organizations",
    author = "Crampton, J. and Gagarin, A. and Gutin, G.",
    year = "2016",
    journal = "ACM Transactions on Privacy and Security",
}

@article{crampton162,
    title = "Algorithms for the workflow satisfiability problem engineered for counting constraints",
    author = "Crampton, J. and Gagarin, A. and Gutin, G. and Jones, M.",
    year = "2016",
    journal = "Journal of Combinatorial Optimization",
}

@article{wang10,
    title = "Satisfiability and Resiliency in Workflow Authorization Systems",
    author = "Wang, Q. and Li, N.",
    year = "2010",
    journal = "ACM Transactions on Information and System Security",
}

@inproceedings{benoist02,
    title = "Constraint programming contribution to Benders decomposition: a case study",
    author = "Benoist, T. and Gaudin, E. and Rottembourg, B.",
    year = "2002",
    booktitle = "8th International Conference on Principles and Practice of Constraint Programming",
}
